@misc{gcc-manpage,
    title = {{g++}(1) - {Linux} man page},
    subtitle = {Compiling {C++} Programs},
    howpublished = "\url{https://linux.die.net/man/1/g++}",
    urldate = {2023-10-15}
}

@misc{rhl-neg-exit-code,
    title = {Exit codes demystified},
    date = {2020-02-14},
    urldate = {2023-10-18},
    author = {Ken Hess {(Sudoer alumni)}},
    howpublished = {\url{https://www.redhat.com/sysadmin/exit-codes-demystified}}
}
