@book{cpp-primer,
    author = {Stanley B. Lippman and Jos√©e Lajoie and Barbara E. Moo},
    title = {C++ Primer},
    publisher = {Addison-Wesley Professional},
    year = {2013},
    edition = {5th Edition},
}
